@book{yang2011music,
	title={Music Emotion Recognition},
	author={Yang, Y.H. and Chen, H.H.},
	isbn={9781439850473},
	series={Multimedia Computing, Communication and Intelligence},
	url={https://books.google.es/books?id=qnjRBQAAQBAJ},
	year={2011},
	publisher={CRC Press}
}

@article{eerola2012review,
	title={A review of music and emotion studies: Approaches, emotion models, and stimuli},
	author={Eerola, Tuomas and Vuoskoski, Jonna K},
	journal={Music Perception: An Interdisciplinary Journal},
	volume={30},
	number={3},
	pages={307--340},
	year={2012},
	publisher={University of California Press}
}

@article{gomez2021music,
	title={Music emotion recognition: Toward new, robust standards in personalized and context-sensitive applications},
	author={G{\'o}mez-Ca{\~n}{\'o}n, Juan Sebasti{\'a}n and Cano, Estefan{\'\i}a and Eerola, Tuomas and Herrera, Perfecto and Hu, Xiao and Yang, Yi-Hsuan and G{\'o}mez, Emilia},
	journal={IEEE Signal Processing Magazine},
	volume={38},
	number={6},
	pages={106--114},
	year={2021},
	publisher={IEEE}
}

@article{schedl2014music,
	title={Music information retrieval: Recent developments and applications},
	author={Schedl, Markus and G{\'o}mez, Emilia and Urbano, Juli{\'a}n and others},
	journal={Foundations and Trends{\textregistered} in Information Retrieval},
	volume={8},
	number={2-3},
	pages={127--261},
	year={2014},
	publisher={Now Publishers, Inc.}
}

@article{posner2005circumplex,
	title={The circumplex model of affect: An integrative approach to affective neuroscience, cognitive development, and psychopathology},
	author={Posner, Jonathan and Russell, James A and Peterson, Bradley S},
	journal={Development and psychopathology},
	volume={17},
	number={3},
	pages={715--734},
	year={2005},
	publisher={Cambridge University Press}
}

@book{geron2022hands,
	title={Hands-on machine learning with Scikit-Learn, Keras, and TensorFlow},
	author={G{\'e}ron, Aur{\'e}lien},
	year={2022},
	publisher={" O'Reilly Media, Inc."}
}

@book{fahrmeir2013regression,
	title={Regression models},
	author={Fahrmeir, Ludwig and Kneib, Thomas and Lang, Stefan and Marx, Brian and Fahrmeir, Ludwig and Kneib, Thomas and Lang, Stefan and Marx, Brian},
	year={2013},
	publisher={Springer}
}